<?xml version="1.0" encoding="UTF-8"?><collection xmlns="http://www.loc.gov/MARC21/slim"><record><leader>00416nam--2200145-i-4500</leader><controlfield tag="001">000027135</controlfield><controlfield tag="002">20161230</controlfield><controlfield tag="005">20161230201036</controlfield><controlfield tag="008">060222s1000------------r-----000-0-eng-d</controlfield><datafield ind1=" " ind2=" " tag="080"><subfield code="a">512.94:512.972</subfield></datafield><datafield ind1=" " ind2=" " tag="100"><subfield code="a">Kocin, N.E</subfield></datafield><datafield ind1=" " ind2=" " tag="245"><subfield code="a">Calcul vectorial si introducere in clculul tensorial. trad.din l.rusa</subfield></datafield><datafield ind1=" " ind2=" " tag="260"><subfield code="a">Bucuresti, Editura Tehnica, 1954, 440p</subfield></datafield><datafield ind1=" " ind2=" " tag="852"><subfield code="a">3719</subfield><subfield code="c">512.972</subfield></datafield><datafield ind1=" " ind2=" " tag="CAT"><subfield code="a">Sys</subfield><subfield code="c">20080526</subfield><subfield code="h">085103</subfield></datafield></record></collection>